%YAML 1.1
%TAG !u! tag:unity3d.com,2011:
--- !u!1 &101334
GameObject:
  m_ObjectHideFlags: 0
  m_PrefabParentObject: {fileID: 0}
  m_PrefabInternal: {fileID: 100100000}
  serializedVersion: 4
  m_Component:
  - 4: {fileID: 442344}
  - 212: {fileID: 21274646}
  - 95: {fileID: 9539570}
  - 114: {fileID: 11408382}
  m_Layer: 0
  m_Name: KingSlime
  m_TagString: Untagged
  m_Icon: {fileID: 0}
  m_NavMeshLayer: 0
  m_StaticEditorFlags: 0
  m_IsActive: 1
--- !u!1 &129218
GameObject:
  m_ObjectHideFlags: 0
  m_PrefabParentObject: {fileID: 0}
  m_PrefabInternal: {fileID: 100100000}
  serializedVersion: 4
  m_Component:
  - 4: {fileID: 410764}
  - 114: {fileID: 11497608}
  - 114: {fileID: 11416298}
  - 114: {fileID: 11409904}
  m_Layer: 0
  m_Name: KingSlimeParent
  m_TagString: Untagged
  m_Icon: {fileID: 0}
  m_NavMeshLayer: 0
  m_StaticEditorFlags: 0
  m_IsActive: 1
--- !u!4 &410764
Transform:
  m_ObjectHideFlags: 1
  m_PrefabParentObject: {fileID: 0}
  m_PrefabInternal: {fileID: 100100000}
  m_GameObject: {fileID: 129218}
  m_LocalRotation: {x: 0, y: 0, z: 0, w: 1}
  m_LocalPosition: {x: 21.2425652, y: 11.0888758, z: 0}
  m_LocalScale: {x: 1, y: 1, z: 1}
  m_Children:
  - {fileID: 442344}
  m_Father: {fileID: 0}
  m_RootOrder: 0
--- !u!4 &442344
Transform:
  m_ObjectHideFlags: 1
  m_PrefabParentObject: {fileID: 0}
  m_PrefabInternal: {fileID: 100100000}
  m_GameObject: {fileID: 101334}
  m_LocalRotation: {x: 0, y: 0, z: 0, w: -1}
  m_LocalPosition: {x: 11.1203995, y: -7.27141666, z: 0}
  m_LocalScale: {x: 1, y: 1, z: 1}
  m_Children: []
  m_Father: {fileID: 410764}
  m_RootOrder: 0
--- !u!95 &9539570
Animator:
  serializedVersion: 3
  m_ObjectHideFlags: 1
  m_PrefabParentObject: {fileID: 0}
  m_PrefabInternal: {fileID: 100100000}
  m_GameObject: {fileID: 101334}
  m_Enabled: 1
  m_Avatar: {fileID: 0}
  m_Controller: {fileID: 9100000, guid: e937dede580cab74e9ffb01097725d85, type: 2}
  m_CullingMode: 0
  m_UpdateMode: 0
  m_ApplyRootMotion: 0
  m_LinearVelocityBlending: 0
  m_WarningMessage: 
  m_HasTransformHierarchy: 1
  m_AllowConstantClipSamplingOptimization: 1
--- !u!114 &11408382
MonoBehaviour:
  m_ObjectHideFlags: 1
  m_PrefabParentObject: {fileID: 0}
  m_PrefabInternal: {fileID: 100100000}
  m_GameObject: {fileID: 101334}
  m_Enabled: 1
  m_EditorHideFlags: 0
  m_Script: {fileID: 11500000, guid: afab0050348ecea459e9f48d06538ea3, type: 3}
  m_Name: 
  m_EditorClassIdentifier: 
--- !u!114 &11409904
MonoBehaviour:
  m_ObjectHideFlags: 1
  m_PrefabParentObject: {fileID: 0}
  m_PrefabInternal: {fileID: 100100000}
  m_GameObject: {fileID: 129218}
  m_Enabled: 1
  m_EditorHideFlags: 0
  m_Script: {fileID: 11500000, guid: 3d6117a0292273846be71e8054214544, type: 3}
  m_Name: 
  m_EditorClassIdentifier: 
  ASSIGNED_ABILITY_NUM: 2
  MAX_PROJ: 6
  BOUNCY_PROJ: {fileID: 114792, guid: 267cf56430d2e2145a6ed36ecb890d42, type: 2}
  BOUNCY_PROJ_POOL: []
--- !u!114 &11416298
MonoBehaviour:
  m_ObjectHideFlags: 1
  m_PrefabParentObject: {fileID: 0}
  m_PrefabInternal: {fileID: 100100000}
  m_GameObject: {fileID: 129218}
  m_Enabled: 1
  m_EditorHideFlags: 0
  m_Script: {fileID: 11500000, guid: 036350057e73ed24686edd6bae2c275b, type: 3}
  m_Name: 
  m_EditorClassIdentifier: 
  pooler: {fileID: 0}
  MAX_PROJ: 6
  PROJ_POOL: []
  projectile: {fileID: 175284, guid: 7218f7caa7ad16b45b767cff24a11571, type: 2}
  ASSIGNED_ABILITY_NUM: 1
  boss: {fileID: 0}
--- !u!114 &11497608
MonoBehaviour:
  m_ObjectHideFlags: 1
  m_PrefabParentObject: {fileID: 0}
  m_PrefabInternal: {fileID: 100100000}
  m_GameObject: {fileID: 129218}
  m_Enabled: 1
  m_EditorHideFlags: 0
  m_Script: {fileID: 11500000, guid: 2d43a3088ed7b60409c307524824b100, type: 3}
  m_Name: 
  m_EditorClassIdentifier: 
  PROJ_SPRITE: {fileID: 21300000, guid: 3639eb187891d7343beab14b93b81e29, type: 3}
  OVERRIDE_TIME: 0
  ABILITIES:
  - {fileID: 7400000, guid: 6cfd7848d42a5434a937e3661d9c956e, type: 2}
  - {fileID: 7400000, guid: 7e42ec88f8f621a458b9fcd9d1bff2a6, type: 2}
  - {fileID: 7400000, guid: 1c60c181e6f3e8844aadc473e29861ec, type: 2}
  - {fileID: 7400000, guid: 9819147e2f7e1614184fedb225da510d, type: 2}
  - {fileID: 7400000, guid: 61cdcb5e0185b3d4b8c89c649ccf9ed9, type: 2}
  ACTIVE_ABILITY: 0
  MAX_ABILITIES: 2
  BUFFER_TIMER: 1
  TIME_ALOTTED: 1
  BOSS_TIER: 1
  CAN_USE_ABILITY: 0
  IS_FINISHED: 0
  IS_BUFFERED: 0
  USE_NOW: 0
--- !u!212 &21274646
SpriteRenderer:
  m_ObjectHideFlags: 1
  m_PrefabParentObject: {fileID: 0}
  m_PrefabInternal: {fileID: 100100000}
  m_GameObject: {fileID: 101334}
  m_Enabled: 1
  m_CastShadows: 0
  m_ReceiveShadows: 0
  m_Materials:
  - {fileID: 10754, guid: 0000000000000000e000000000000000, type: 0}
  m_SubsetIndices: 
  m_StaticBatchRoot: {fileID: 0}
  m_UseLightProbes: 1
  m_ReflectionProbeUsage: 1
  m_ProbeAnchor: {fileID: 0}
  m_ScaleInLightmap: 1
  m_PreserveUVs: 0
  m_ImportantGI: 0
  m_AutoUVMaxDistance: .5
  m_AutoUVMaxAngle: 89
  m_LightmapParameters: {fileID: 0}
  m_SortingLayerID: 0
  m_SortingOrder: 0
  m_Sprite: {fileID: 21300000, guid: 95d844ee1e71c74429e220cdbcc5b771, type: 3}
  m_Color: {r: 1, g: 1, b: 1, a: 1}
--- !u!1001 &100100000
Prefab:
  m_ObjectHideFlags: 1
  serializedVersion: 2
  m_Modification:
    m_TransformParent: {fileID: 0}
    m_Modifications:
    - target: {fileID: 0}
      propertyPath: m_IsActive
      value: 1
      objectReference: {fileID: 0}
    - target: {fileID: 0}
      propertyPath: TIME_ALOTTED
      value: 1
      objectReference: {fileID: 0}
    m_RemovedComponents: []
  m_ParentPrefab: {fileID: 0}
  m_RootGameObject: {fileID: 129218}
  m_IsPrefabParent: 1
